<?xml version="1.0" encoding="UTF-8"?><record xmlns="http://www.loc.gov/MARC21/slim" xmlns:cinclude="http://apache.org/cocoon/include/1.0" xmlns:zs="http://www.loc.gov/zing/srw/">
  <leader>00833cz  a2200217n  4500</leader>
  <controlfield tag="001">n  92053447 </controlfield>
  <controlfield tag="003">DLC</controlfield>
  <controlfield tag="005">20100517080450.0</controlfield>
  <controlfield tag="008">920515n| acannaabn          |a ana      </controlfield>
  <datafield tag="010" ind1=" " ind2=" ">
    <subfield code="a">n  92053447 </subfield>
  </datafield>
  <datafield tag="034" ind1=" " ind2=" ">
    <subfield code="d">E0233100</subfield>
    <subfield code="e">E0233100</subfield>
    <subfield code="f">N0541400</subfield>
    <subfield code="g">N0541400</subfield>
    <subfield code="2">other</subfield>
  </datafield>
  <datafield tag="035" ind1=" " ind2=" ">
    <subfield code="a">(OCoLC)oca03172724</subfield>
  </datafield>
  <datafield tag="040" ind1=" " ind2=" ">
    <subfield code="a">DLC</subfield>
    <subfield code="b">eng</subfield>
    <subfield code="c">DLC</subfield>
    <subfield code="d">OCoLC</subfield>
  </datafield>
  <datafield tag="043" ind1=" " ind2=" ">
    <subfield code="a">e-li---</subfield>
  </datafield>
  <datafield tag="151" ind1=" " ind2=" ">
    <subfield code="a">Lazdijai (Lithuania)</subfield>
  </datafield>
  <datafield tag="451" ind1=" " ind2=" ">
    <subfield code="a">Lazdei (Lithuania)</subfield>
  </datafield>
  <datafield tag="451" ind1=" " ind2=" ">
    <subfield code="a">Lozdzieje (Lithuania)</subfield>
  </datafield>
  <datafield tag="451" ind1=" " ind2=" ">
    <subfield code="a">Lozdzi (Lithuania)</subfield>
  </datafield>
  <datafield tag="670" ind1=" " ind2=" ">
    <subfield code="a">Ronn, J. The Dworskys of Lazdei, c1990:</subfield>
    <subfield code="b">t.p. (Lazdei) p. 89 (Lazdei, Lithuania (Yiddish form of name), called Lazdijai in Lithuanian, Lozdzieje in Polish, Lozdzi in Russian; 54°13ʹ longitude, 23°27ʹ latitude)</subfield>
  </datafield>
  <datafield tag="670" ind1=" " ind2=" ">
    <subfield code="a">BGN gaz., USSR, 1970</subfield>
    <subfield code="b">(Lazdijai, ppl, Lithuania, 54°14ʹN 23°31ʹE)</subfield>
  </datafield>
  <datafield tag="781" ind1=" " ind2="0">
    <subfield code="z">Lithuania</subfield>
    <subfield code="z">Lazdijai</subfield>
  </datafield>
</record>